<record><leader>00000cas a22000007a 4500</leader><controlfield tag="001">9765389</controlfield><controlfield tag="008">830801d18431844nyuwr ne      0    0eng d</controlfield><datafield ind1=" " ind2=" " tag="010"><subfield code="a">sn 83031071 </subfield></datafield><datafield ind1=" " ind2=" " tag="040"><subfield code="a">NPU</subfield><subfield code="b">eng</subfield><subfield code="c">NPU</subfield><subfield code="d">NYG</subfield><subfield code="d">NYS</subfield><subfield code="d">OCL</subfield><subfield code="d">OCLCF</subfield><subfield code="d">OCLCO</subfield></datafield><datafield ind1=" " ind2=" " tag="042"><subfield code="a">msc</subfield></datafield><datafield ind1="0" ind2=" " tag="130"><subfield code="a">Democratic standard (Goshen, N.Y.)</subfield></datafield><datafield ind1="0" ind2="4" tag="245"><subfield code="a">The Democratic standard.</subfield></datafield><datafield ind1=" " ind2=" " tag="260"><subfield code="a">Goshen, N.Y. :</subfield><subfield code="b">H. Vail &amp; T.W. Donovan,</subfield><subfield code="c">1843-1844.</subfield></datafield><datafield ind1=" " ind2=" " tag="300"><subfield code="a">1 v. ;</subfield><subfield code="c">60 cm.</subfield></datafield><datafield ind1=" " ind2=" " tag="310"><subfield code="a">Weekly</subfield></datafield><datafield ind1="0" ind2=" " tag="362"><subfield code="a">Vol. 1, no. 1 (Dec. 8, 1843)-v. 1, no. 18 (Apr. 5, 1844).</subfield></datafield><datafield ind1=" " ind2=" " tag="500"><subfield code="a">"Democratic."</subfield></datafield><datafield ind1=" " ind2=" " tag="500"><subfield code="a">Published every Friday.</subfield></datafield><datafield ind1=" " ind2="0" tag="651"><subfield code="a">Goshen (N.Y.)</subfield><subfield code="v">Newspapers.</subfield></datafield><datafield ind1=" " ind2="7" tag="655"><subfield code="a">Newspapers.</subfield><subfield code="2">fast</subfield><subfield code="0">(OCoLC)fst01423814</subfield></datafield><datafield ind1=" " ind2="7" tag="651"><subfield code="a">New York (State)</subfield><subfield code="z">Goshen.</subfield><subfield code="2">fast</subfield><subfield code="0">(OCoLC)fst01221923</subfield></datafield><datafield ind1=" " ind2=" " tag="752"><subfield code="a">United States</subfield><subfield code="b">New York</subfield><subfield code="c">Orange</subfield><subfield code="d">Goshen.</subfield></datafield><datafield ind1="0" ind2="0" tag="785"><subfield code="t">Goshen clarion</subfield><subfield code="w">(DLC)sn 83031072</subfield></datafield></record>